@software{aj-github,
  author = {{Information System Authority (RIA)}},
  title = {Andmejälgija / Data Tracker},
  url = {https://github.com/e-gov/AJ},
  version = {1.0.3},
  date = {2025-04-15},
}

@misc{ria-andmejalgija-recommendations,
    title = {Soovitusi Andmejälgija rakendamiseks},
    author = {{Information System Authority (RIA)}},
    url = {https://www.ria.ee/sites/default/files/documents/2022-11/Soovitusi-Andmejalgija-rakendamiseks.pdf},
    year = {2025},
}

@software{aj-github-spec,
  author = {{Information System Authority (RIA)}},
  title = {Andmejälgija / Data Tracker protocol specification},
  url = {https://github.com/e-gov/AJ/blob/master/doc/spetsifikatsioonid/Kasutusteabe_esitamise_protokoll.md},
  version = {1.4.1},
  date = {2025-04-15},
}

@online{telia-xroad-server,
  author = {Telia Eesti AS},
  title = {X-Road security server},
  url = {https://www.telia.ee/ari/it-teenused/serverid-ja-pilv/x-tee-turvaserver/},
  urldate = {2025-08-09},
}

@online{thales-luna-hsm-pricing,
  author = {QSCD.eu},
  title = {Thales Luna PCIe HSM A700},
  url = {https://www.qscd.eu/hsms-hardware-security-modules/thales-luna-pcie-hsm-a700/},
  urldate = {2025-08-09},
  note = {Price: €8,990 (€10,877.90 incl. VAT). eIDAS qualified QSCD capable.}
}

@online{tab-reloader-addon,
  author = {James Fray},
  title = {Tab Reloader},
  url = {https://addons.mozilla.org/en-US/firefox/addon/tab-reloader/},
  urldate = {2025-08-09},
}

@online{okhttp-library,
  author = {Square, Inc.},
  title = {OkHttp},
  url = {https://square.github.io/okhttp/},
  urldate = {2025-08-09},
}

@software{govsso-session,
  author = {{Information System Authority (RIA)}},
  title = {GovSSO Session},
  url = {https://github.com/e-gov/GovSSO-Session},
  urldate = {2025-08-09},
}

@software{govsso-session-hydra,
  author = {{Information System Authority (RIA)}},
  title = {GovSSO Session - HydraService.java},
  url = {https://github.com/e-gov/GovSSO-Session/blob/a95c781a8f7b05bde550acb34b8292b6c884b802/src/main/java/ee/ria/govsso/session/service/hydra/HydraService.java#L472-L480},
  urldate = {2025-08-09},
}

@online{eesti-ee-portal,
  author = {{Information System Authority (RIA)}},
  title = {eesti.ee - Estonian State Portal},
  url = {https://www.eesti.ee},
  urldate = {2025-08-09},
  note = {JavaScript code excerpt}
}

@software{data-access-notifier,
  author = {Arkadi Statsenko},
  title = {Data Access Notifier},
  url = {https://github.com/ArkadSt/DataAccessNotifier},
  urldate = {2025-08-09},
}

@software{data-access-notifier-releases,
  author = {Arkadi Statsenko},
  title = {Data Access Notifier Releases},
  url = {https://github.com/ArkadSt/DataAccessNotifier/releases},
  urldate = {2025-08-09},
}

@software{obtainium,
  author = {Imran R.},
  title = {Obtainium},
  url = {https://github.com/ImranR98/Obtainium},
  urldate = {2025-08-09},
}

@online{android-15-datasync-timeout,
  author = {{Android Developers}},
  title = {Behavior changes: apps targeting Android 15 - DataSync timeout},
  url = {https://developer.android.com/about/versions/15/behavior-changes-15#datasync-timeout},
  urldate = {2025-08-09},
}

@online{android-workmanager,
  author = {{Android Developers}},
  title = {WorkManager},
  url = {https://developer.android.com/reference/androidx/work/WorkManager},
  urldate = {2025-08-09},
}

@online{android-persistent-work,
  author = {{Android Developers}},
  title = {Persistent work},
  url = {https://developer.android.com/develop/background-work/background-tasks/persistent},
  urldate = {2025-08-11},
}

@online{android-api-levels,
  author = {{Android Developers}},
  title = {Android API levels},
  url = {https://developer.android.com/guide/topics/manifest/uses-sdk-element#ApiLevels},
  urldate = {2025-08-09},
}

@online{android-api-distribution,
  author = {{Google}},
  title = {Android API Level Distribution Data},
  url = {https://dl.google.com/android/studio/metadata/distributions.json},
  urldate = {2025-08-09},
}

@misc{android-studio-screenshot,
  author = {Arkadi Statsenko},
  title = {Android Studio API Level Distribution Screenshot},
  note = {Screenshot taken during Android project creation in Android Studio, showing API level compatibility statistics},
  year = {2025},
}

@misc{eesti-ee-screenshot,
  author = {Arkadi Statsenko},
  title = {eesti.ee Portal Screenshots},
  note = {Screenshots taken from the Estonian state portal (eesti.ee) showing GovSSO session management interface},
  year = {2025},
}

@misc{e-toimik-screenshot,
  author = {Arkadi Statsenko},
  title = {E-File System Screenshots},
  note = {Screenshots taken from the Estonian E-File System (E-toimik) showing data access tracking interface},
  year = {2025},
}

@online{kotlin-first,
  author = {{Android Developers}},
  title = {Kotlin-first approach for Android development},
  url = {https://developer.android.com/kotlin},
  urldate = {2025-08-09},
}

@online{protocol-buffers,
  author = {{Google}},
  title = {Protocol Buffers},
  url = {https://developers.google.com/protocol-buffers},
  urldate = {2025-08-09},
}

@techreport{rfc7519,
  author = {M. Jones and J. Bradley and N. Sakimura},
  title = {JSON Web Token (JWT)},
  institution = {IETF},
  type = {RFC},
  number = {7519},
  year = {2015},
  month = {May},
  url = {https://tools.ietf.org/rfc/rfc7519.txt},
}

@online{e-file-rik,
  author = {{Centre of Registers and Information Systems (RIK)}},
  title = {E-File},
  url = {https://www.rik.ee/en/international/e-file},
  urldate = {2025-08-09},
}

@online{err-population-registry-unauthorized-access,
  author = {{ERR}},
  title = {Leht: rahvastikuregistris nuhitakse ebaseaduslikult inimeste andmetes},
  url = {https://www.err.ee/590454/leht-rahvastikuregistris-nuhitakse-ebaseaduslikult-inimeste-andmetes},
  urldate = {2025-08-10},
}

@online{coalition-agreement-2025-2027,
  author = {{Estonian Government}},
  title = {Coalition Agreement 2025-2027: Digital State},
  url = {https://valitsus.ee/valitsuse-eesmargid-ja-tegevused/valitsemise-alused/koalitsioonilepe-2025-2027/digiriik},
  urldate = {2025-08-12},
}



